
@misc{call-protocol-2015,
title={2015 NLeSC Protocol voor Calls, Subsidietoekenning en Projectmanagement},author={The Netherlands eScience Center},howpublished = {\url{https://nlesc.sharepoint.com/:b:/s/all/EYUvVHS-tnxMh8lXmvN3d-IB_VvvlAxKoQF-5jCsh8ErJQ?e=QaPcSd}},note={Acessed: November 1 2023},}

@misc{GDPR,
title={{General Data Protection Regulation (GDPR)}},author={GDPR.EU},howpublished = {\url{https://gdpr.eu/}},note={Acessed: November 1 2023},}